@misc{wikipedia,
	title = {{Wikipedia site}},
	howpublished = {\url{https://wikipedia.org/}},
	note = {Accessed: \today}
}
@misc{sysaid,
	title = {{Sysaid site}},
	howpublished = {\url{https://sysaid.com/}},
	note = {Accessed: \today}
}
@misc{teams-voice,
	title = {{Microsoft 365 Business Voice site}},
	howpublished = {\url{https://www.microsoft.com/en-us/microsoft-teams/voice-calling}},
	note = {Accessed: \today}
}
@misc{github,
	title = {{Github site}},
	howpublished = {\url{https://github.com/}},
	note = {Accessed: \today}
}
@misc{dellpc,
	title = {{Dell New Inspiron 15 3000 site}},
	howpublished = {\url{https://www.dell.com/en-uk/work/shop/dell-laptops-and-notebooks/new-inspiron-15-3000/spd/inspiron-15-3505-laptop/cai153w10p1c229lc}},
	note = {Accessed: \today}
}
@misc{amdcpu,
	title = {{AMD Ryzenâ„¢ 5 3450U site}},
	howpublished = {\url{https://www.amd.com/en/products/apu/amd-ryzen-5-3450u}},
	note = {Accessed: \today}
}
@misc{jabraheadsets,
	title = {{Jabra EVOLVE 2 40 site}},
	howpublished = {\url{https://www.jabra.com/business/office-headsets/jabra-evolve/jabra-evolve2-40}},
	note = {Accessed: \today}
}
@misc{propanesafety,
	title = {{Propanesafety site}},
	howpublished = {\url{http://www.propanesafety.com}},
	note = {Accessed: \today}
}
@misc{terraform,
	title = {{Terfarom site}},
	howpublished = {\url{https://www.terraform.io}},
	note = {Accessed: \today}
}
@misc{ansible,
	title = {{Ansible site}},
	howpublished = {\url{https://www.ansible.com}},
	note = {Accessed: \today}
}
@misc{libraesva,
	title = {{libraesva site}},
	howpublished = {\url{https://www.libraesva.com}},
	note = {Accessed: \today}
}
@misc{azure,
	title = {{Azure site}},
	howpublished = {\url{https://azure.microsoft.com}},
	note = {Accessed: \today}
}
@misc{sysaid_requirements,
	title = {{Sysaid requirements}},
	howpublished = {\url{https://community.sysaid.com/Sysforums/posts/list/9159.page}},
	note = {Accessed: \today}
}
@misc{sysaid_api_login,
	title = {{Sysaid API login}},
	howpublished = {\url{https://community.sysaid.com/Sysforums/templates/default/help/files/Guide_REST_API%20Details.htm#Login}},
	note = {Accessed: \today}
}
@misc{sql_requirements,
	title = {{SQL Server requirements}},
	howpublished = {\url{https://docs.microsoft.com/en-us/sql/sql-server/install/hardware-and-software-requirements-for-installing-sql-server-ver15}},
	note = {Accessed: \today}
}
@misc{sysaid_certification,
	title = {{Sysaid Certification Program certification}},
	howpublished = {\url{http://cdn1.sysaid.com/sysaid-certification-program.pdf}},
	note = {Accessed: \today}
}
@misc{itil_strategic_certification,
	title = {{ITIL strategic leader certification}},
	howpublished = {\url{https://www.axelos.com/certifications/itil-certifications/itil-strategic-leader-itil-4}},
	note = {Accessed: \today}
}
@misc{azure_solution_architect_certification,
	title = {{Azure solutions architect certification}},
	howpublished = {\url{https://docs.microsoft.com/en-us/learn/certifications/azure-solutions-architect/}},
	note = {Accessed: \today}
}
@misc{azure_administrator_certification,
	title = {{Azure administrator certification}},
	howpublished = {\url{https://docs.microsoft.com/en-us/learn/certifications/azure-administrator/}},
	note = {Accessed: \today}
}
@misc{terraform_associate_certification,
	title = {{Terraform Associate certification}},
	howpublished = {\url{https://www.hashicorp.com/certification/terraform-associate}},
	note = {Accessed: \today}
}
@misc{itil_foundation_certification,
	title = {{ITIL foundation certification}},
	howpublished = {\url{https://www.axelos.com/certifications/itil-certifications/itil-foundation}},
	note = {Accessed: \today}
}
@misc{c2_certification,
	title = {{Cambridge English qualification C2 proficiency certification}},
	howpublished = {\url{https://www.cambridgeenglish.org/exams-and-tests/proficiency/}},
	note = {Accessed: \today}
}

@book{mintzberg_book,
	title     = "Structure in Fives: Designing Effective Organizations",
	author    = "Henry Mintzberg",
	year      = 1983,
	publisher = "Prentice-Hall"
}
